%!TEX encoding = UTF-8 

@misc{link:blas,
	title = "{BLAS -- Basic Linear Algebra Subprograms}",
	note = "\url{http://www.netlib.org/blas/}",
	key = "BLAS"
}

@misc{link:clawar,
	title = "{CLAWAR -- Climbing and Walking Robots and the Support Technologies for Mobile Machines}",
	note = "\url{http://www.clawar.org/}",
	key = "CLAWAR"
}

@misc{link:domo,
	title = "{Edsinger Domo robot}",
	note = "\url{http://people.csail.mit.edu/edsinger/domo.htm}",
	key = "EdsingerDomo"
}

@misc{link:csail,
	title = "{MIT CSAIL -- MIT Computer Science and Artificial Intelligence Laboratory}",
	note = "\url{http://www.csail.mit.edu/}",
	key = "CSAIL"
}

@misc{link:labview,
	title = "{LabVIEW -- Laboratory Virtual Instrumentation Engineering Workbench}",
	note = "\url{http://www.ni.com/labview/}",
	key = "LabVIEW"
}

@misc{link:liralab,
	title = "{LIRA-Lab -- Laboratory for Integrated Advanced Robotics, Genoa, Italy}",
	note = "\url{http://www.liralab.it/}",
	key = "LIRA-Lab"
}

@misc{link:opencv,
	title = "{OpenCV -- Open Source Computer Vision Library}",
	note = "\url{http://opencvlibrary.sf.net/}",
	key = "OpenCV"
}

@misc{link:robotcub,
	title = "{RobotCub -- An Open Framework for Research in Embodied Cognition}",
	note = "\url{http://www.robotcub.org/}",
	key = "RobotCub"
}

@misc{link:vislab,
	title = "{VisLab -- Computer and Robot Vision Laboratory, Institute for Systems and Robotics, Instituto Superior T\'{e}cnico, Lisbon, Portugal}",
	note = "\url{http://vislab.isr.ist.utl.pt/}",
	key = "VisLab"
}

@misc{link:webots,
	title = "{Webots}",
	note = "\url{http://www.cyberbotics.com/}",
	key = "Webots",
}

@misc{link:yarp,
	title = "{YARP -- Yet Another Robot Platform}",
	note = "\url{http://eris.liralab.it/yarp/}",
	key = "YARP"
}